@article{scott2023moment,
  title={A “moment-conserving” reformulation of GW theory},
  author={Scott, Charles JC and Backhouse, Oliver J and Booth, George H},
  journal={The Journal of chemical physics},
  volume={158},
  number={12},
  year={2023},
  publisher={AIP Publishing}
}

@article{golubHistory,
author = {Golub, Gene H. and O’Leary, Dianne P.},
title = {Some History of the Conjugate Gradient and Lanczos Algorithms: 1948–1976},
journal = {SIAM Review},
volume = {31},
number = {1},
pages = {50-102},
year = {1989},
doi = {10.1137/1031003},
eprint = {  https://doi.org/10.1137/1031003
}
,
abstract = { This paper gives some of the history of the conjugate gradient and Lanczos algorithms and an annotated bibliography for the period 1948-1976 }
}

@article{Lanczos:1950zz,
    author = "Lanczos, Cornelius",
    title = "{An Iteration Method for the Solution of the Eigenvalue Problem of Linear Differential and Integral Operators}",
    doi = "10.6028/jres.045.026",
    journal = "J. Res. Natl. Bur. Stand. B",
    volume = "45",
    pages = "255--282",
    year = "1950"
}

@book{doi:10.1137/1.9781611975581,
author = {Heath, Michael T.},
title = {Scientific Computing},
publisher = {Society for Industrial and Applied Mathematics},
year = {2018},
doi = {10.1137/1.9781611975581},
address = {Philadelphia, PA},
edition   = {},
eprint = {https://epubs.siam.org/doi/pdf/10.1137/1.9781611975581}
}

@book{Parlett,
author = {Parlett, Beresford N.},
title = {The Symmetric Eigenvalue Problem},
publisher = {Society for Industrial and Applied Mathematics},
year = {1998},
doi = {10.1137/1.9781611971163},
address = {},
edition   = {},
eprint = {https://epubs.siam.org/doi/pdf/10.1137/1.9781611971163}
}

@phdthesis{backhouse2023dynamics,
  title={Dynamics from statics: A conceptual reformulation of Green's},
  author={Backhouse, Oliver James and Booth, George H},
  year={2023},
  school={Ph. D. thesis, King’s College London}
}

@article{scott2023moment,
  title={A “moment-conserving” reformulation of GW theory},
  author={Scott, Charles JC and Backhouse, Oliver J and Booth, George H},
  journal={The Journal of chemical physics},
  volume={158},
  number={12},
  year={2023},
  publisher={AIP Publishing}
}