@article{scott2023moment,
  title={A “moment-conserving” reformulation of GW theory},
  author={Scott, Charles JC and Backhouse, Oliver J and Booth, George H},
  journal={The Journal of chemical physics},
  volume={158},
  number={12},
  year={2023},
  publisher={AIP Publishing}
}